<?xml version="1.0" encoding="UTF-8"?><collection xmlns="http://www.loc.gov/MARC21/slim"><record><leader>00280nam--2200121-i-4500</leader><controlfield tag="001">000022387</controlfield><controlfield tag="002">20161230</controlfield><controlfield tag="005">20161230201034</controlfield><controlfield tag="008">060222s1000------------r-----000-0-eng-d</controlfield><datafield ind1=" " ind2=" " tag="100"><subfield code="a">Ianu, A</subfield></datafield><datafield ind1=" " ind2=" " tag="245"><subfield code="a">Marculetiu, v</subfield></datafield><datafield ind1=" " ind2=" " tag="260"><subfield code="a">Albert, F</subfield></datafield><datafield ind1=" " ind2=" " tag="490"><subfield code="a">Bucuresti, Ed. Tehnica, 1965. 397p</subfield></datafield></record></collection>